@book{Berard:2010:SSV:1965314,
 author = {Berard, B. and Bidoit, M. and Finkel, A. and Laroussinie, F. and Petit, A. and Petrucci, L. and Schnoebelen, P.},
 title = {Systems and Software Verification: Model-Checking Techniques and Tools},
 year = {2010},
 isbn = {3642074782, 9783642074783},
 edition = {1st},
 publisher = {Springer Publishing Company, Incorporated},
} 
